@article{sensitivity,
	author = {Eka Suwartadi and Vyacheslav Kungurtsev and Johannes J\"{a}scke},
	title = {Sensitivity-Based Economic NMPC with a Path-Following Approach},
	journal ={Processes},
	year = {2017},
	pages = {8},
	volume = {5},
	publisher = {MDPI AG}
}