@article{economic,
	author = {Eka Suwartadi and Vyacheslav Kungurtsev and Johannes J\"{a}scke},
	title = {Sensitivity-Based Economic NMPC with a Path-Following Approach},
	journal = {Processes},
	year = {2017},
	pages = {8-35},
	volume = {5},
	publisher = {MDPI AG}
}
@article{param,
	author = {Vyacheslav Kungurtsev and Moritz Diehl},
 	title = {Sequential quadratic programming methods for parametric nonlinear optimization},
	journal = {Computational Optimization and Applications},
	year = {2014},
	volume = {59},
	pages = {475-509},
	publisher = {Springer}
}
@article{model,
	author = {Skogestad, Sigurd and Postlethwaite, Ian},
	title = {Multivariable Feedback Control: Analysis and Design},
	edition = {2},
	publisher = {Wiley-Interscience},
	year = {2005}
	place = {Hoboken, NJ,USA}
}
@article{perturb,
	author = {J. Fr\`{e}d\`{e}ric Bonnans and Alexander Shapiro},
	title = {Optimization Problems with Perturbations: A Guided Tour},
	journal ={SIAM Rev},
	year = {1998},
	pages ={228-264},
	volume ={40}
}
@article{fast,
	author = {Johannes J{\"a}schke and Xue Yang and Lorenz T. Biegler},
	title = {Fast Economic Model Predictive Control Based on NLP-Sensitivities},
	journal = {Journal of Process Control},
	year = {2014}
}
@book{sensitivity,
	author = {Anthony V. Fiacco},
	title = {Introduction to Sensitivity and Stability Analysis in Nonlinear Programming},
	publisher = {Academic Press},
	year = {1983},
	volume = {165},
	edition = {1st}
}
@phdthesis{Andersson2013b,
  author = {Joel Andersson},
  title = {A General-Purpose Software Framework for Dynamic Optimization},
  school = {Arenberg Doctoral School- KU Leuven},
  year = {2013},
  address = {Department of Electrical Engineering (ESAT/SCD) and Optimization in Engineering Center,
             Kasteelpark Arenberg 10 3001-Heverlee Belgium},
  month = {October}
}
